<?xml version="1.0" encoding="UTF-8"?><collection xmlns="http://www.loc.gov/MARC21/slim"><record><leader>00363nam--2200133-i-4500</leader><controlfield tag="001">000012946</controlfield><controlfield tag="002">20161230</controlfield><controlfield tag="005">20161230201030</controlfield><controlfield tag="008">060222s1000------------r-----000-0-eng-d</controlfield><datafield ind1=" " ind2=" " tag="080"><subfield code="a">5LL.3(043)</subfield></datafield><datafield ind1=" " ind2=" " tag="100"><subfield code="a">Allouche, Jean-paul</subfield></datafield><datafield ind1=" " ind2=" " tag="245"><subfield code="a">Vibrations de classe cs/2 des tores plata theorie des nombres.these</subfield></datafield><datafield ind1=" " ind2=" " tag="260"><subfield code="a">Paris,L,Universite,1978 45 P</subfield></datafield><datafield ind1=" " ind2=" " tag="852"><subfield code="a">46836</subfield></datafield></record></collection>